@book{zarchan2013fundamentals,
  title={Fundamentals of Kalman filtering: a practical approach},
  author={Zarchan, Paul and Musoff, Howard},
  year={2013},
  publisher={American Institute of Aeronautics and Astronautics, Inc.}
}
@article{wolpert2000perception,
  title={Perception, planning and control of autonomous walking with the ambler planetary rover},
  author={Wolpert, DM and Ghahramani, Z},
  journal={Nature Neuroscience},
  volume={3},
  pages={1212--1217},
  year={2000}
}
@article{klumb2006division,
  title={Division of labor in German dual-earner families: Testing equity theoretical hypotheses},
  author={Klumb, Petra and Hoppmann, Christiane and Staats, Melanie},
  journal={Journal of marriage and family},
  volume={68},
  number={4},
  pages={870--882},
  year={2006},
  publisher={Wiley Online Library}
}
@article{li2019boundedness,
  title={On Boundedness of Error Covariances for Kalman Consensus Filtering Problems},
  author={Li, Wangyan and Wang, Zidong and Ho, Daniel WC and Wei, Guoliang},
  journal={IEEE Transactions on Automatic Control},
  year={2019},
  publisher={IEEE}
}
@article{strid2009block,
  title={Block Kalman filtering for large-scale DSGE models},
  author={Strid, Ingvar and Walentin, Karl},
  journal={Computational Economics},
  volume={33},
  number={3},
  pages={277--304},
  year={2009},
  publisher={Springer}
}
@article{ishihara2006robust,
  title={Robust Kalman filter for descriptor systems},
  author={Ishihara, Jo{\~a}o Yoshiyuki and Terra, Marco H and Campos, Jos{\'e} CT},
  journal={IEEE Transactions on Automatic Control},
  volume={51},
  number={8},
  pages={1354--1354},
  year={2006},
  publisher={IEEE}
}
@article{maryak2004use,
  title={Use of the Kalman filter for inference in state-space models with unknown noise distributions},
  author={Maryak, John L and Spall, James C and Heydon, Bryan D},
  journal={IEEE Transactions on Automatic Control},
  volume={49},
  number={1},
  pages={87--90},
  year={2004},
  publisher={IEEE}
}
@article{terejanu2013discrete,
  title={Discrete kalman filter tutorial},
  author={Terejanu, Gabriel A},
  journal={University at Buffalo, Department of Computer Science and Engineering, NY},
  volume={14260},
  year={2013}
}