@book{aastrom2012introduction,
  title={Introduction to stochastic control theory},
  author={{\AA}str{\"o}m, Karl J},
  year={2012},
  publisher={Courier Corporation}
}
@article{lindquist1973feedback,
  title={On feedback control of linear stochastic systems},
  author={Lindquist, Anders},
  journal={SIAM Journal on Control},
  volume={11},
  number={2},
  pages={323--343},
  year={1973},
  publisher={SIAM}
}
@article{eide2011lqg,
  title={LQG control design for balancing an inverted pendulum mobile robot},
  author={Eide, Ragnar and Egelid, Per Magne and Karimi, Hamid Reza and others},
  journal={Intelligent Control and Automation},
  volume={2},
  number={02},
  pages={160},
  year={2011},
  publisher={Scientific Research Publishing}
}
@article{georgiou2013separation,
  title={The separation principle in stochastic control, redux},
  author={Georgiou, Tryphon T and Lindquist, Anders},
  journal={IEEE Transactions on Automatic Control},
  volume={58},
  number={10},
  pages={2481--2494},
  year={2013},
  publisher={IEEE}
}
@article{van2000numerical,
  title={Numerical algorithms and issues concerning the discrete-time optimal projection equations},
  author={Van Willigenburg, LG and De Koning, Willem L},
  journal={European Journal of Control},
  volume={6},
  number={1},
  pages={93--110},
  year={2000},
  publisher={Elsevier}
}
@article{van1999optimal,
  title={Optimal reduced-order compensation of time-varying discrete-time systems with deterministic and white parameters},
  author={Van Willigenburg, LG and De Koning, Willem L},
  journal={Automatica},
  volume={35},
  number={1},
  pages={129--138},
  year={1999},
  publisher={Elsevier}
}
@article{bernstein1986optimal,
  title={The optimal projection equations for reduced-order, discrete-time modeling, estimation, and control},
  author={Bernstein, Dennis S and Davis, Lawrence D and Hyland, David C},
  journal={Journal of Guidance, Control, and Dynamics},
  volume={9},
  number={3},
  pages={288--293},
  year={1986}
}
@article{sharp2011vehicle,
  title={Vehicle dynamics applications of optimal control theory},
  author={Sharp, RS and Peng, Huei},
  journal={Vehicle System Dynamics},
  volume={49},
  number={7},
  pages={1073--1111},
  year={2011},
  publisher={Taylor \& Francis}
}
@article{athans1971role,
  title={The role and use of the stochastic linear-quadratic-Gaussian problem in control system design},
  author={Athans, Michael},
  journal={IEEE transactions on automatic control},
  volume={16},
  number={6},
  pages={529--552},
  year={1971},
  publisher={IEEE}
}