@book{khalil2002nonlinear,
  title={Nonlinear systems},
  author={Khalil, Hassan K and Grizzle, Jessy W},
  volume={3},
  year={2002},
  publisher={Prentice hall Upper Saddle River, NJ}
}
@article{bernat2015multi,
  title={Multi-modelling as new estimation schema for high-gain observers},
  author={Bernat, Jakub and Stepien, Slawomir},
  journal={International Journal of Control},
  volume={88},
  number={6},
  pages={1209--1222},
  year={2015},
  publisher={Taylor \& Francis}
}
@article{pasand2019luenberger,
  title={Luenberger-Type Cubic Observers for State Estimation of Linear Systems},
  author={Pasand, Mohammad Mahdi Share},
  journal={arXiv preprint arXiv:1909.11978},
  year={2019}
}
@article{gautheir1992simple,
  title={A simple observer for nonlinear systems application to bioreactors},
  author={Gautheir, JP and Hammouri, H and Othman, S},
  journal={IEEE Transactions on Automatic Control},
  volume={37},
  number={6},
  pages={875--880},
  year={1992}
}
@article{ciccarella199310,
  title={10.1080/00207179308934406},
  author={Ciccarella, G and Mora, M Dalla and Germani, A},
  journal={Internat. J. Control},
  volume={57},
  number={3},
  pages={537--556},
  year={1993}
}
@article{hadj2001estimation,
  title={Estimation of uncertain models of activated sludge processes with interval observers},
  author={Hadj-Sadok, MZ and Gouz{\'e}, JL},
  journal={Journal of Process Control},
  volume={11},
  number={3},
  pages={299--310},
  year={2001},
  publisher={Elsevier}
}
@article{vinodh2013comparison,
  title={Comparison of four state observer design algorithms for MIMO system},
  author={Vinodh, Kumar E and Jovitha, Jerome and Ayyappan, S},
  journal={Archives of Control Sciences},
  volume={23},
  year={2013}
}